@misc{torres_2006,
  author={Torres, Gabriel},
  title={Como Conversores Analógico/Digital Funcionam - Clube do Hardware},
  url={http://www.clubedohardware.com.br/artigos/como-conversores-analogico-digital-funcionam/1307},
  urldate={2015-9-26},
  journal={Clubedohardware.com.br},
  year={2006}
}
@misc{devagil,
  author={Torres, Gabriel},
  title={SCRUM},
  url={http://www.desenvolvimentoagil.com.br/scrum/},
  urldate={2015-9-26},
  journal={Clubedohardware.com.br},
  year={2004}
}

@article{instruments,
  author={Texas Instruments},
  title={Datasheet: LM35 Precision Centigrade Temperature Sensors.},
  url={http://www.ti.com/lit/ds/symlink/lm35.pdf},
  journal={Eletronic Publication},
  year={1999}
}

@article{yajima,
  author={N yajima},
  title={Scientific Ballooning Technology and Applications of Exploration Balloons Floating in the Stratosphere and the Atmospheres of Other Planets.},
  journal={Eletronic Publication},
  year={1999}
}

@article{rucinski,
  author={Rafael Nakatani Rucinski},
  title={Computação Configurável utilizando Processamento Paralelo.},
  url={http://www.ti.com/lit/ds/symlink/lm35.pdf},
  journal={Eletronic Publication},
  year={2004}
}

@article{prado,
  author={Tiago Alexandre Prado},
  title={Implementação de um controlador PID embarcado para o controle em malha fechada de um estimulador neuromuscular funcional.},
  url={http://www.ti.com/lit/ds/symlink/lm35.pdf},
  journal={Eletronic Publication},
  year={2009}
}

@article{devices,
  author={Analog Devices},
  title={Datasheet: LM35 Precision Centigrade Temperature Sensors.},
  url={http://www.analog.com/media/en/technical-documentation/data-sheets/ADXL345.pdf},
  journal={Eletronic Publication},
  year={2009}
}

@article{microeletronics,
  author={ST Microeletronics},
  title={Datasheet: L3G4200D MEMS Motion Sensor.},
  url={http://www.st.com/web/en/resource/technical/document/datasheet/CD00265057.pdf},
  journal={Eletronic Publication},
  year={2010}
}

@article{scrumineng,
  author={REYNISD{\'O}TTIR, {\TH}{\'O}RD{\'I}S},
  title={Scrum in Mechanical Product Development},
  url={http://publications.lib.chalmers.se/records/fulltext/191951/191951.pdf},
  urldate={2015-9-21},
  journal={Chalmers},
  year={2003}
}
@misc{LM35,
  author={Texas Instruments},
  title={LM35: Precision Centigrade Temperature Sensors},
  howpublished = "\url{http://www.ti.com/lit/ds/symlink/lm35.pdf}",
  publisher={Texas Instruments},
  year={2015}
}
@misc{LM3914,
  author={Texas Instruments},
  title={LM3914: Dot/Bar Display Driver},
  howpublished = "\url{http://www.ti.com/lit/ds/symlink/lm3914.pdf}",
  publisher={Texas Instruments},
  year={2013}
}
@misc{HMC5883L,
  author={Honeywell International},
  title={HMC5883L: 3-Axis Digital Compass IC},
  howpublished = "\url{http://www51.honeywell.com/aero/common/documents/myaerospacecatalog-documents/Defense_Brochures-documents/HMC5883L_3-Axis_Digital_Compass_IC.pdf}",
  publisher={Honeywell International},
  year={2013}
}
@misc{L3G4200D,
  author={STMicroelectronics},
  title={L3G4200D: MEMS motion sensor: ultra-stable three-axis digital output gyroscope},
  howpublished = "\url{http://www.st.com/web/en/resource/technical/document/datasheet/CD00265057.pdf}",
  publisher={STMicroelectronics},
  year={2010}
}
@misc{ADXL345,
  author={Analog Devices},
  title={ADXL345: Digital Accelerometer},
  howpublished = "\url{http://www.analog.com/media/en/technical-documentation/data-sheets/ADXL345.pdf}",
  publisher={Analog Devices},
  year={2009}
}
@misc{BMP085,
  author={D-Robotics},
  title={BMP085: Humidity \& Temperature Sensor},
  howpublished = "\url{http://www.micropik.com/PDF/dht11.pdf}",
  publisher={D-Robotics},
  year={2010}
}
@book{etkin2012dynamics,
  title={Dynamics of atmospheric flight},
  author={Etkin, Bernard},
  year={2012},
  publisher={Courier Corporation}
}
@misc{clyde,
  author={Clyde Space},
  title={Small Satellite Reaction Wheels},
  url={http://www.clyde-space.com/products/reaction_wheels},
  urldate={2015-9-23},
  year={2013}
}
@misc{circuitar_2013,
  author={Circuitar Eletrônicos},
  title={ADC - Conversor analógico-digital de 4 canais},
  url={https://www.circuitar.com.br/nanoshields/modulos/adc/},
  urldate={2015-9-22},
  year={2013}
}
@article{prado2009,
  title={Implementa{\c{c}}{\~a}o de um controlador PID embarcado para o controle em malha fechada de um estimulador neuromuscular funcional},
  author={Prado, Thiago Alexandre},
  url={https://scholar.google.com.br/scholar.bib?q=info:qJvZeTBUW3cJ:scholar.google.com/&output=citation&scisig=AAGBfm0AAAAAVgjLvhJYpAVWJ5ngrbz0g9GDljYKVirG&scisf=4&hl=pt-BR},
  urldate={2015-9-23},
  year={2009},
  publisher={Universidade Estadual Paulista (UNESP)}
}
@article{rucinski2005,
  title={Computa{\c{c}}{\~a}o Reconfigur{\'a}vel Utilizando Processamento Paralelo},
  author={Rucinski, RN and Ferlin, EP},
  journal={Computer Engineering Graduation Thesis), UnicenP, Curitiba-PR-Brazil},
  url={https://scholar.google.com.br/scholar.bib?q=info:aMNmsj-MCaoJ:scholar.google.com/&output=citation&scisig=AAGBfm0AAAAAVgjME6auvdwBbziGu22HZtcvG71pGt8h&scisf=4&hl=pt-BR},
  urldate={2015-9-23},
  year={2005}
}
@article{rocha2010,
  title={Montagem e testes de uma bancada para medi{\c{c}}{\~a}o de desempenho de aerogeradores em escala},
  author={Rocha, PAC and Carneiro, FO and Lopes, AS and Maia, IA and Modolo, AB},
  journal={Revista Brasileira de Ensino de F{\'\i}sica},
  volume={32},
  number={2},
  pages={2309--2314},
  year={2010},
  publisher={SciELO Brasil},
  url={http://www.scielo.br/pdf/rbef/v33n2/a10v33n2.pdf},
  urldate={2015-9-23}
}
@article{Evans20091082,
  title = "Assessment of sustainability indicators for renewable energy technologies ",
  journal = "Renewable and Sustainable Energy Reviews ",
  volume = "13",
  number = "5",
  pages = "1082 - 1088",
  year = "2009",
  note = "",
  issn = "1364-0321",
  doi = "http://dx.doi.org/10.1016/j.rser.2008.03.008",
  url = "http://www.sciencedirect.com/science/article/pii/S1364032108000555",
  author = "Annette Evans and Vladimir Strezov and Tim J. Evans",
  keywords = "Renewable energy",
  keywords = "Sustainability",
  keywords = "Emissions",
  keywords = "Price",
  keywords = "Social impacts"
}
@book{edmondes2007,
  place={United States},
  title={Global Energy Technology Strategy: Addressing Climate Change Phase 2 Findings from an international Public-Private Sponsored Research Program},
  publisher={Battetlle Memorial Institute, College Park, MD, United States(US).},
  author={Edmonds, James A. and Wise, Marshall A. and Dooley, James J. and Kim, Son H. and Smith, Steven J. and Runci, Paul J. and Clarke, Leon E. and Malone, Elizabeth L. and Stokes, Gerald M.},
  year={2007}, month={May}
}
@article{texeira2012,
  title={Uma an{\'a}lise econ{\^o}mica compromissada com o futuro da energia e{\'o}lica},
  author={Texeira, DP and Nolasco, Josimar Ribeiro and Oliveira, AR and Araujo Junior, LO and Carmo, MJ and Ribeiro, PF},
  year={2012},
  url={http://www.swge.inf.br/anais/sbse2012/PDFS/ARTIGOS/97069.PDF},
  urldate={2015-9-23}
}
@misc{gform,
  title={Questionário - Meios de transporte - Segurança do estacionamento da FGA},
  author={Maia, Laura and Casari, Gabriel and Vital, Eduardo and Caroline, Emilly},
  yeay={2015},
  url={https://docs.google.com/spreadsheets/d/1MMmR8Er8zkGdopFhkOFw7pltqhQEg3kEgk5xdQxDqQo/edit?usp=sharing},
  urldate={2015-9-22}
}
@misc{anatel506,
  title={Resolução nº 506, de 1º de julho de 2008},
  author={Anatel},
  year={2008},
  url={http://www.anatel.gov.br/legislacao/resolucoes/2008/104-resolucao-506},
  urldate={2015-9-22}
}
@misc{digifort,
  title={Sistema de Segurança Digital - Descritivo de recursos do sistema},
  author={Digifort Security Systems},
  year={2009},
  url={http://www.digifort.com/documentations/documentation-professional/ds-professional-v700ptbr.pdf},
  urldate={2015-9-25}
}
@book{neumark,
  title={Equilibrium configurations of flying cables of captive balloons, and cable derivatives for stability calculations},
  author={Neumark, Stefan and RIcs, P},
  year={1963},
  url={http://citeseerx.ist.psu.edu/viewdoc/download?doi=10.1.1.226.5425&rep=rep1&type=pdf},
  urldate={2015-9-24},
  publisher={Citeseer}
}
@misc{altave,
  title={Solucoes mais lev},
  year={2014},
  author={Altave},
  url={http://www.altave.com},
  urldate={2015-9-24}
}
